<?xml version="1.0" encoding="UTF-8"?><record xmlns="http://www.loc.gov/MARC21/slim" xmlns:cinclude="http://apache.org/cocoon/include/1.0" xmlns:zs="http://www.loc.gov/zing/srw/">
  <leader>00544nz  a2200157n  4500</leader>
  <controlfield tag="001">nr 91014869 </controlfield>
  <controlfield tag="003">DLC</controlfield>
  <controlfield tag="005">19910509061014.3</controlfield>
  <controlfield tag="008">910430n| acannaab|          |n aaa     c</controlfield>
  <datafield tag="010" ind1=" " ind2=" ">
    <subfield code="a">nr 91014869 </subfield>
  </datafield>
  <datafield tag="035" ind1=" " ind2=" ">
    <subfield code="a">(Uk)tb043096</subfield>
  </datafield>
  <datafield tag="040" ind1=" " ind2=" ">
    <subfield code="a">Uk/ESTC-NA</subfield>
    <subfield code="c">ESTC-NA</subfield>
  </datafield>
  <datafield tag="100" ind1="1" ind2="0">
    <subfield code="a">Caddick, Richard,</subfield>
    <subfield code="d">1740-1819</subfield>
  </datafield>
  <datafield tag="667" ind1=" " ind2=" ">
    <subfield code="a">Data provided by the ESTC/BL</subfield>
  </datafield>
  <datafield tag="670" ind1=" " ind2=" ">
    <subfield code="a">The New Testament of Our Lord and Savior Jesus Christ, in Hebrew, 1798:</subfield>
    <subfield code="b">t.p. (the Rev. Richard Caddick, of Christ-Church, Oxford)</subfield>
  </datafield>
  <datafield tag="670" ind1=" " ind2=" ">
    <subfield code="a">DNB</subfield>
    <subfield code="b">(Caddick, Richard, 1740-1819; DD Hebraist)</subfield>
  </datafield>
</record>